@inproceedings{YustGeometryMelodicHarmonic2009,
  langid = {english},
  title = {The {{Geometry}} of {{Melodic}}, {{Harmonic}}, and {{Metrical Hierarchy}}},
  booktitle = {Mathematics and {{Computation}} in {{Music}}},
  series = {Communications in {{Computer}} and {{Information Science}}},
  date = {2009},
  pages = {180-192},
  keywords = {Harmonic Structure,Music Theory,Parking Function,Rhythmic Structure,Tonal Pattern},
  author = {Yust, Jason},
  editor = {Chew, Elaine and Childs, Adrian and Chuan, Ching-Hua},
  file = {/home/chfin/Zotero/storage/A6ESZ97K/Yust - 2009 - The Geometry of Melodic, Harmonic, and Metrical Hi.pdf}
}


